@article{cintra-holloway,
  author       = {Thomas Cintra and Max Holloway},
  title        = {Trader Rewards Module Review},
  howpublished = {\url{https://xenophonlabs.com/papers/dydx_trade_rewards.pdf}},
  note         = {Accessed: 12/22/2022},
}

@article{holloway2023dydx,
  title={dYdX V4 Application Layer Incentive Design},
  author={Holloway, Max and Cintra, Thomas},
  year={2023}
}

@misc{lehar2023liquidity,
      title={Liquidity fragmentation on decentralized exchanges}, 
      author={Alfred Lehar and Christine Parlour and Marius Zoican},
      year={2023},
      eprint={2307.13772},
      archivePrefix={arXiv},
      primaryClass={q-fin.TR}
}

@misc{otherApiLimits,
    title           = {Other [API] Limits},
    author          = {dYdX},
    year            = {2023},
    howpublished    = {\url{https://v4-teacher.vercel.app/general/other_limits}},
    note            = {Accessed: 09/29/2023}
}